@preamble{ "\newcommand{\noopsort}[1]{} "
    # "\newcommand{\printfirst}[2]{#1} "
    # "\newcommand{\singleletter}[1]{#1} "
    # "\newcommand{\switchargs}[2]{#2#1} " }


@INBOOK{inbook-full,
   author = "Donald E. Knuth",
   title = "Fundamental Algorithms",
   volume = 1,
   series = "The Art of Computer Programming",
   publisher = "Addison-Wesley",
   address = "Reading, Massachusetts",
   edition = "Second",
   month = "10~" # jan,
   year = "{\noopsort{1973b}}1973",
   type = "Section",
   chapter = "1.2",
   pages = "10--119"
}


@MASTERSTHESIS{mastersthesis-minimal,
   author = "{\'{E}}douard Masterly",
   title = "Mastering Thesis Writing",
   school = "Stanford University",
   year = 1988,
}
